%%%%%%%%%%%%%%%%
%% Our papers %%
%%%%%%%%%%%%%%%%

@article{gehring2015detailed,
	title={Detailed classification of swimming paths in the Morris Water Maze: multiple strategies within one trial},
	author={Gehring, Tiago V and Luksys, Gediminas and Sandi, Carmen and Vasilaki, Eleni},
	journal={Scientific reports},
	volume={5},
	pages={14562},
	year={2015},
	publisher={Nature Publishing Group}
}


@article{gehring2017analysis,
  title={Analysis of behaviour in the Active Allothetic Place Avoidance task based on cluster analysis of the rat movement motifs},
  author={Gehring, Tiago V and Wesierska, Malgorzata J and W{\'o}jcik, Daniel K and Vasilaki, Eleni},
  journal={bioRxiv},
  pages={157859},
  year={2017},
  publisher={Cold Spring Harbor Laboratory}
}

@phdthesis{gehring2018automated,
	title={Automated classification of behavioural and electrophysiological data in Neuroscience},
	author={Gehring, Tiago V},
	year={2018},
	school={University of Sheffield}
}

@article{vouros2018generalised,
	title={A generalised framework for detailed classification of swimming paths inside the Morris Water Maze},
	author={Vouros, Avgoustinos and Gehring, Tiago V and Szydlowska, Kinga and Janusz, Artur and Tu, Zehai and Croucher, Mike and Lukasiuk, Katarzyna and Konopka, Witold and Sandi, Carmen and Vasilaki, Eleni},
	journal={Scientific reports},
	volume={8},
	number={1},
	pages={15089},
	year={2018},
	publisher={Nature Publishing Group}
}

@book{roda402, 
	title={RodentDataAnalytics/mwm-ml-gen: Version 4.0.2-beta},
	DOI={10.5281/zenodo.836386},
	abstractNote={<ul> <li>Fixed a bug when generating statistics</li> <li>Fixed some MAC compatibility issues</li> </ul>},
	publisher={Zenodo},
	author={Avgoustinos Vouros and Tiago V. Gehring and Mike Croucher and Eleni Vasilaki},
	year={2017},
	month={Jul},
	note={https://github.com/RodentDataAnalytics/mwm-ml-gen/releases/tag/v4.0.2}
}

@article{vouros2019empirical,
	title={An empirical comparison between stochastic and deterministic centroid initialisation for K-Means variations},
	author={Vouros, Avgoustinos and Langdell, Stephen and Croucher, Mike and Vasilaki, Eleni},
	journal={arXiv preprint arXiv:1908.09946},
	year={2019}
}

@article{vouros2020semi,
	title={A semi-supervised sparse K-Means algorithm},
	author={Vouros, Avgoustinos and Vasilaki, Eleni},
	journal={arXiv preprint arXiv:2003.06973},
	year={2020}
}

@article{huzard2019constitutive,
	title={Constitutive differences in glucocorticoid responsiveness are related to divergent spatial information processing abilities},
	author={Huzard, Damien and Vouros, Avgoustinos and Monari, Silvia and Astori, Simone and Vasilaki, Eleni and Sandi, Carmen},
	journal={Stress},
	pages={1--13},
	year={2019},
	publisher={Taylor \& Francis}
}

@article{chhabria2019sodium,
	title={Sodium nitroprusside prevents the detrimental effects of glucose on the neurovascular unit and behaviour in zebrafish},
	author={Chhabria, Karishma and Vouros, Avgoustinos and Gray, Caroline and MacDonald, Ryan B and Jiang, Zhen and Wilkinson, Robert Neil and Plant, Karen and Vasilaki, Eleni and Howarth, Clare and Chico, Timothy},
	journal={bioRxiv},
	pages={576942},
	year={2019},
	publisher={Cold Spring Harbor Laboratory}
}

@article{vouros2020semi,
	title={A semi-supervised sparse K-Means algorithm},
	author={Vouros, Avgoustinos and Vasilaki, Eleni},
	journal={arXiv preprint arXiv:2003.06973},
	year={2020}
}

%

@article{chhabria2018effect,
	title={The effect of hyperglycemia on neurovascular coupling and cerebrovascular patterning in zebrafish},
	author={Chhabria, Karishma and Plant, Karen and Bandmann, Oliver and Wilkinson, Robert N and Martin, Chris and Kugler, Elisabeth and Armitage, Paul A and Santoscoy, Paola LM and Cunliffe, Vincent T and Huisken, Jan and others},
	journal={Journal of Cerebral Blood Flow \& Metabolism},
	pages={0271678X18810615},
	year={2018},
	publisher={SAGE Publications Sage UK: London, England}
}

%%%%%%%%%%%%%%%%%%%%%%%%%%%%%%%%%%%%%%%%%%%%%%%%%%%%%%%%%%%%%%%%%%%%%%%%

%%%%%%%%%%%%%%%%
%% Clustering %%
%%%%%%%%%%%%%%%%

% Initialization

@article{katsavounidis1994new,
	title={A new initialization technique for generalized Lloyd iteration},
	author={Katsavounidis, Ioannis and Kuo, C-C Jay and Zhang, Zhen},
	journal={IEEE Signal processing letters},
	volume={1},
	number={10},
	pages={144--146},
	year={1994},
	publisher={IEEE}
}

@inproceedings{macqueen1967some,
	title={Some methods for classification and analysis of multivariate observations},
	author={MacQueen, James and others},
	booktitle={Proceedings of the fifth Berkeley symposium on mathematical statistics and probability},
	volume={1},
	number={14},
	pages={281--297},
	year={1967},
	organization={Oakland, CA, USA}
}

@article{jancey1966multidimensional,
	title={Multidimensional group analysis},
	author={Jancey, RC},
	journal={Australian Journal of Botany},
	volume={14},
	number={1},
	pages={127--130},
	year={1966},
	publisher={CSIRO}
}

@book{kaufman2009finding,
	title={Finding groups in data: an introduction to cluster analysis},
	author={Kaufman, Leonard and Rousseeuw, Peter J},
	volume={344},
	year={2009},
	publisher={John Wiley \& Sons}
}

@inproceedings{breunig2000lof,
	title={LOF: identifying density-based local outliers},
	author={Breunig, Markus M and Kriegel, Hans-Peter and Ng, Raymond T and Sander, J{\"o}rg},
	booktitle={ACM sigmod record},
	volume={29},
	number={2},
	pages={93--104},
	year={2000},
	organization={ACM}
}

@article{al2009robust,
	title={Robust partitional clustering by outlier and density insensitive seeding},
	author={Al Hasan, Mohammad and Chaoji, Vineet and Salem, Saeed and Zaki, Mohammed J},
	journal={Pattern Recognition Letters},
	volume={30},
	number={11},
	pages={994--1002},
	year={2009},
	publisher={Elsevier}
}

@inproceedings{arthur2007k,
	title={k-means++: The advantages of careful seeding},
	author={Arthur, David and Vassilvitskii, Sergei},
	booktitle={Proceedings of the eighteenth annual ACM-SIAM symposium on Discrete algorithms},
	pages={1027--1035},
	year={2007},
	organization={Society for Industrial and Applied Mathematics}
}

@article{nidheesh2017enhanced,
	title={An enhanced deterministic K-Means clustering algorithm for cancer subtype prediction from gene expression data},
	author={Nidheesh, N and Nazeer, KA Abdul and Ameer, PM},
	journal={Computers in biology and medicine},
	volume={91},
	pages={213--221},
	year={2017},
	publisher={Elsevier}
}

@article{rodriguez2014clustering,
	title={Clustering by fast search and find of density peaks},
	author={Rodriguez, Alex and Laio, Alessandro},
	journal={Science},
	volume={344},
	number={6191},
	pages={1492--1496},
	year={2014},
	publisher={American Association for the Advancement of Science}
}

@inproceedings{lan2015density,
	title={Density K-means: A new algorithm for centers initialization for K-means},
	author={Lan, Xv and Li, Qian and Zheng, Yi},
	booktitle={Software Engineering and Service Science (ICSESS), 2015 6th IEEE International Conference on},
	pages={958--961},
	year={2015},
	organization={IEEE}
}

@article{tukey1977easy,
	title={Easy summaries: numerical and graphical},
	author={Tukey, JW},
	journal={Exploratory data analysis},
	pages={27--56},
	year={1977},
	publisher={Addison-Wesley Publishing Company Reading, Massachusetts}
}

@article{moret1992empirical,
	title={An Empirical Assessment of Algorithms for Constructing a Minimum Spanning Tree.},
	author={Moret, Bernard ME and Shapiro, Henry D},
	journal={Computational Support for Discrete Mathematics},
	volume={15},
	pages={99--117},
	year={1992}
}

% Initialization benchmarking

@article{pena1999empirical,
	title={An empirical comparison of four initialization methods for the k-means algorithm},
	author={Pena, Jos{\'e} M and Lozano, Jose Antonio and Larranaga, Pedro},
	journal={Pattern recognition letters},
	volume={20},
	number={10},
	pages={1027--1040},
	year={1999},
	publisher={Elsevier}
}

@article{celebi2013comparative,
	title={A comparative study of efficient initialization methods for the k-means clustering algorithm},
	author={Celebi, M Emre and Kingravi, Hassan A and Vela, Patricio A},
	journal={Expert systems with applications},
	volume={40},
	number={1},
	pages={200--210},
	year={2013},
	publisher={Elsevier}
}

@article{franti2019much,
	title={How much can k-means be improved by using better initialization and repeats?},
	author={Fr{\"a}nti, Pasi and Sieranoja, Sami},
	journal={Pattern Recognition},
	volume={93},
	pages={95--112},
	year={2019},
	publisher={Elsevier}
}

@inproceedings{he2004initialization,
	title={Initialization of cluster refinement algorithms: A review and comparative study},
	author={He, Ji and Lan, Man and Tan, Chew-Lim and Sung, Sam-Yuan and Low, Hwee-Boon},
	booktitle={2004 IEEE International Joint Conference on Neural Networks (IEEE Cat. No. 04CH37541)},
	volume={1},
	pages={297--302},
	year={2004},
	organization={IEEE}
}

@article{brusco2017comparison,
	title={A comparison of latent class, K-means, and K-median methods for clustering dichotomous data.},
	author={Brusco, Michael J and Shireman, Emilie and Steinley, Douglas},
	journal={Psychological methods},
	volume={22},
	number={3},
	pages={563},
	year={2017},
	publisher={American Psychological Association}
}


% Datasets

@article{Ssets,
	author  = {P. Fr\"anti and O. Virmajoki},
	title   = {Iterative shrinking method for clustering problems},
	journal = {Pattern Recognition},
	year    = {2006},
	volume  = {39},
	number  = {5},
	pages   = {761--765},
	doi     = {10.1016/j.patcog.2005.09.012},
	url     = {http://dx.doi.org/10.1016/j.patcog.2005.09.012}
}

@TECHREPORT{Asets,
	author = {I. K\"arkk\"ainen and P. Fr\"anti},
	title = {Dynamic local search algorithm for the clustering problem},
	institution = {Department of Computer Science, University of Joensuu},
	address = {Joensuu, Finland},
	number = {A-2002-6},
	year = {2002}
}

@misc{asuncion2007uci,
	title={UCI machine learning repository},
	author={Asuncion, Arthur and Newman, David},
	year={2007}
}

% K-Means clustering

@article{jain2010data,
	title={Data clustering: 50 years beyond K-means},
	author={Jain, Anil K},
	journal={Pattern recognition letters},
	volume={31},
	number={8},
	pages={651--666},
	year={2010},
	publisher={Elsevier}
}

@article{hartigan1975clustering,
	title={Clustering algorithms},
	author={Hartigan, John A},
	year={1975},
	publisher={Wiley}
}

@article{hartigan1979algorithm,
	title={Algorithm AS 136: A k-means clustering algorithm},
	author={Hartigan, John A and Wong, Manchek A},
	journal={Journal of the Royal Statistical Society. Series C (Applied Statistics)},
	volume={28},
	number={1},
	pages={100--108},
	year={1979},
	publisher={JSTOR}
}

@inproceedings{slonim2013hartigan,
	title={Hartigan's K-Means Versus Lloyd's K-Means-Is It Time for a Change?},
	author={Slonim, Noam and Aharoni, Ehud and Crammer, Koby},
	booktitle={IJCAI},
	pages={1677--1684},
	year={2013}
}

% K-Medians clustering

@inproceedings{feldman2012data,
	title={Data reduction for weighted and outlier-resistant clustering},
	author={Feldman, Dan and Schulman, Leonard J},
	booktitle={Proceedings of the twenty-third annual ACM-SIAM symposium on Discrete Algorithms},
	pages={1343--1354},
	year={2012},
	organization={Society for Industrial and Applied Mathematics}
}
@article{lopuhaa1991breakdown,
	title={Breakdown points of affine equivariant estimators of multivariate location and covariance matrices},
	author={Lopuhaa, Hendrik P and Rousseeuw, Peter J and others},
	journal={The Annals of Statistics},
	volume={19},
	number={1},
	pages={229--248},
	year={1991},
	publisher={Institute of Mathematical Statistics}
}
@inproceedings{whelan2015understanding,
	title={Understanding the K-Medians Problem},
	author={Whelan, Christopher and Harrell, Greg and Wang, Jin},
	booktitle={Proceedings of the International Conference on Scientific Computing (CSC)},
	pages={219},
	year={2015},
	organization={The Steering Committee of The World Congress in Computer Science, Computer~…}
}
@article{haldane1948note,
	title={Note on the median of a multivariate distribution},
	author={Haldane, JBS},
	journal={Biometrika},
	volume={35},
	number={3-4},
	pages={414--417},
	year={1948},
	publisher={Oxford University Press}
}

@article{chandrasekaran1989open,
	title={Open questions concerning Weiszfeld's algorithm for the Fermat-Weber location problem},
	author={Chandrasekaran, Ramaswamy and Tamir, Arie},
	journal={Mathematical Programming},
	volume={44},
	number={1-3},
	pages={293--295},
	year={1989},
	publisher={Springer}
}

@article{lloyd1982least,
	title={Least squares quantization in PCM},
	author={Lloyd, Stuart},
	journal={IEEE transactions on information theory},
	volume={28},
	number={2},
	pages={129--137},
	year={1982},
	publisher={IEEE}
}

% Sparse clustering

@article{hoerl1970ridge,
	title={Ridge regression: Biased estimation for nonorthogonal problems},
	author={Hoerl, Arthur E and Kennard, Robert W},
	journal={Technometrics},
	volume={12},
	number={1},
	pages={55--67},
	year={1970},
	publisher={Taylor \& Francis Group}
}

@article{tibshirani1996regression,
	title={Regression shrinkage and selection via the lasso},
	author={Tibshirani, Robert},
	journal={Journal of the Royal Statistical Society. Series B (Methodological)},
	pages={267--288},
	year={1996},
	publisher={JSTOR}
}

@article{witten2009penalized,
	title={A penalized matrix decomposition, with applications to sparse principal components and canonical correlation analysis},
	author={Witten, Daniela M and Tibshirani, Robert and Hastie, Trevor},
	journal={Biostatistics},
	volume={10},
	number={3},
	pages={515--534},
	year={2009},
	publisher={Oxford University Press}
}

@article{witten2010framework,
	title={A framework for feature selection in clustering},
	author={Witten, Daniela M and Tibshirani, Robert},
	journal={Journal of the American Statistical Association},
	volume={105},
	number={490},
	pages={713--726},
	year={2010},
	publisher={Taylor \& Francis}
}

@article{brodinova2017robust,
	title={Robust and sparse k-means clustering for high-dimensional data},
	author={Brodinov{\'a}, {\v{S}}{\'a}rka and Filzmoser, Peter and Ortner, Thomas and Breiteneder, Christian and Rohm, Maia},
	journal={Advances in Data Analysis and Classification},
	pages={1--28},
	year={2017},
	publisher={Springer}
}

@book{boyd2004convex,
	title={Convex optimization},
	author={Boyd, Stephen and Vandenberghe, Lieven},
	year={2004},
	publisher={Cambridge university press}
}

@article{modha2003feature,
	title={Feature weighting in k-means clustering},
	author={Modha, Dharmendra S and Spangler, W Scott},
	journal={Machine learning},
	volume={52},
	number={3},
	pages={217--237},
	year={2003},
	publisher={Springer}
}

% Semi-supervised

@inproceedings{bilenko2004integrating,
	title={Integrating constraints and metric learning in semi-supervised clustering},
	author={Bilenko, Mikhail and Basu, Sugato and Mooney, Raymond J},
	booktitle={Proceedings of the twenty-first international conference on Machine learning},
	pages={11},
	year={2004},
	organization={ACM}
}

@inproceedings{basu2003comparing,
	title={Comparing and unifying search-based and similarity-based approaches to semi-supervised clustering},
	author={Basu, Sugato and Bilenko, Mikhail and Mooney, Raymond J},
	booktitle={Proceedings of the ICML-2003 workshop on the continuum from labeled to unlabeled data in machine learning and data mining},
	pages={42--49},
	year={2003},
	organization={Citeseer}
}

@inproceedings{wagstaff2001constrained,
	title={Constrained k-means clustering with background knowledge},
	author={Wagstaff, Kiri and Cardie, Claire and Rogers, Seth and Schr{\"o}dl, Stefan and others},
	booktitle={Icml},
	volume={1},
	pages={577--584},
	year={2001}
}

@inproceedings{basu2002semi,
	title={Semi-supervised clustering by seeding},
	author={Basu, Sugato and Banerjee, Arindam and Mooney, Raymond},
	booktitle={In Proceedings of 19th International Conference on Machine Learning (ICML-2002},
	year={2002},
	organization={Citeseer}
}

@techreport{klein2002instance,
	title={From instance-level constraints to space-level constraints: Making the most of prior knowledge in data clustering},
	author={Klein, Dan and Kamvar, Sepandar D and Manning, Christopher D},
	year={2002},
	institution={Stanford}
}

@inproceedings{xing2003distance,
	title={Distance metric learning with application to clustering with side-information},
	author={Xing, Eric P and Jordan, Michael I and Russell, Stuart J and Ng, Andrew Y},
	booktitle={Advances in neural information processing systems},
	pages={521--528},
	year={2003}
}

@inproceedings{bar2003learning,
	title={Learning distance functions using equivalence relations},
	author={Bar-Hillel, Aharon and Hertz, Tomer and Shental, Noam and Weinshall, Daphna},
	booktitle={Proceedings of the 20th International Conference on Machine Learning (ICML-03)},
	pages={11--18},
	year={2003}
}

@inproceedings{basu2004active,
	title={Active semi-supervision for pairwise constrained clustering},
	author={Basu, Sugato and Banerjee, Arindam and Mooney, Raymond J},
	booktitle={Proceedings of the 2004 SIAM international conference on data mining},
	pages={333--344},
	year={2004},
	organization={SIAM}
}

@article{zhu2009introduction,
	title={Introduction to semi-supervised learning},
	author={Zhu, Xiaojin and Goldberg, Andrew B},
	journal={Synthesis lectures on artificial intelligence and machine learning},
	volume={3},
	number={1},
	pages={1--130},
	year={2009},
	publisher={Morgan \& Claypool Publishers}
}

@article{demiriz1999semi,
	title={Semi-supervised clustering using genetic algorithms},
	author={Demiriz, Ayhan and Bennett, Kristin P and Embrechts, Mark J},
	journal={Artificial neural networks in engineering (ANNIE-99)},
	pages={809--814},
	year={1999},
	publisher={ASME Press}
}

% Performance and tuning

@article{desgraupes2013clustering,
	title={Clustering indices},
	author={Desgraupes, Bernard},
	journal={University of Paris Ouest-Lab Modal’X},
	volume={1},
	pages={34},
	year={2013}
}

@article{tibshirani2001estimating,
	title={Estimating the number of clusters in a data set via the gap statistic},
	author={Tibshirani, Robert and Walther, Guenther and Hastie, Trevor},
	journal={Journal of the Royal Statistical Society: Series B (Statistical Methodology)},
	volume={63},
	number={2},
	pages={411--423},
	year={2001},
	publisher={Wiley Online Library}
}

@article{yan2007determining,
	title={Determining the number of clusters using the weighted gap statistic},
	author={Yan, Mingjin and Ye, Keying},
	journal={Biometrics},
	volume={63},
	number={4},
	pages={1031--1037},
	year={2007},
	publisher={Wiley Online Library}
}

@article{mohajer2011comparison,
	title={A comparison of Gap statistic definitions with and without logarithm function},
	author={Mohajer, Mojgan and Englmeier, Karl-Hans and Schmid, Volker J},
	journal={arXiv preprint arXiv:1103.4767},
	year={2011}
}

@article{dudoit2002prediction,
	title={A prediction-based resampling method for estimating the number of clusters in a dataset},
	author={Dudoit, Sandrine and Fridlyand, Jane},
	journal={Genome biology},
	volume={3},
	number={7},
	pages={research0036--1},
	year={2002},
	publisher={Springer}
}

@article{rendon2011internal,
	title={Internal versus external cluster validation indexes},
	author={Rend{\'o}n, Er{\'e}ndira and Abundez, Itzel and Arizmendi, Alejandra and Quiroz, Elvia M},
	journal={International Journal of computers and communications},
	volume={5},
	number={1},
	pages={27--34},
	year={2011}
}

@inproceedings{liu2010understanding,
	title={Understanding of internal clustering validation measures},
	author={Liu, Yanchi and Li, Zhongmou and Xiong, Hui and Gao, Xuedong and Wu, Junjie},
	booktitle={2010 IEEE International Conference on Data Mining},
	pages={911--916},
	year={2010},
	organization={IEEE}
}

@inproceedings{kovacs2005cluster,
	title={Cluster validity measurement techniques},
	author={Kov{\'a}cs, Ferenc and Leg{\'a}ny, Csaba and Babos, Attila},
	booktitle={6th International symposium of hungarian researchers on computational intelligence},
	pages={35},
	year={2005},
	organization={Citeseer}
}

@inproceedings{soler2013data,
	title={Data clustering and similarity},
	author={Soler, Julien and Tenc{\'e}, Fabien and Gaubert, Laurent and Buche, C{\'e}dric},
	booktitle={The Twenty-Sixth International FLAIRS Conference},
	year={2013}
}

@article{arlot2010survey,
	title={A survey of cross-validation procedures for model selection},
	author={Arlot, Sylvain and Celisse, Alain and others},
	journal={Statistics surveys},
	volume={4},
	pages={40--79},
	year={2010},
	publisher={The author, under a Creative Commons Attribution License}
}
%elbow method
@incollection{hardy1994examination,
	title={An examination of procedures for determining the number of clusters in a data set},
	author={Hardy, Andr{\'e}},
	booktitle={New approaches in classification and data analysis},
	pages={178--185},
	year={1994},
	publisher={Springer}
}
%silhouette index
@inproceedings{starczewski2015performance,
	title={Performance evaluation of the Silhouette index},
	author={Starczewski, Artur and Krzy{\.z}ak, Adam},
	booktitle={International Conference on Artificial Intelligence and Soft Computing},
	pages={49--58},
	year={2015},
	organization={Springer}
}
@article{rousseeuw1987silhouettes,
	title={Silhouettes: a graphical aid to the interpretation and validation of cluster analysis},
	author={Rousseeuw, Peter J},
	journal={Journal of computational and applied mathematics},
	volume={20},
	pages={53--65},
	year={1987},
	publisher={North-Holland}
}
%F-score
@inproceedings{schutze2008introduction,
	title={Introduction to information retrieval},
	author={Sch{\"u}tze, Hinrich and Manning, Christopher D and Raghavan, Prabhakar},
	booktitle={Proceedings of the international communication of association for computing machinery conference},
	pages={260},
	year={2008}
}
@article{pfitzner2009characterization,
	title={Characterization and evaluation of similarity measures for pairs of clusterings},
	author={Pfitzner, Darius and Leibbrandt, Richard and Powers, David},
	journal={Knowledge and Information Systems},
	volume={19},
	number={3},
	pages={361},
	year={2009},
	publisher={Springer}
}
@inproceedings{usbeck2015gerbil,
	title={GERBIL: general entity annotator benchmarking framework},
	author={Usbeck, Ricardo and R{\"o}der, Michael and Ngonga Ngomo, Axel-Cyrille and Baron, Ciro and Both, Andreas and Br{\"u}mmer, Martin and Ceccarelli, Diego and Cornolti, Marco and Cherix, Didier and Eickmann, Bernd and others},
	booktitle={Proceedings of the 24th international conference on World Wide Web},
	pages={1133--1143},
	year={2015},
	organization={International World Wide Web Conferences Steering Committee}
}

% PCA

@article{shlens2014tutorial,
	title={A tutorial on principal component analysis},
	author={Shlens, Jonathon},
	journal={arXiv preprint arXiv:1404.1100},
	year={2014}
}

@article{bro2014principal,
	title={Principal component analysis},
	author={Bro, Rasmus and Smilde, Age K},
	journal={Analytical Methods},
	volume={6},
	number={9},
	pages={2812--2831},
	year={2014},
	publisher={Royal Society of Chemistry}
}

@article{chang1983using,
	title={On using principal components before separating a mixture of two multivariate normal distributions},
	author={Chang, Wei-Chien},
	journal={Journal of the Royal Statistical Society: Series C (Applied Statistics)},
	volume={32},
	number={3},
	pages={267--275},
	year={1983},
	publisher={Wiley Online Library}
}

% PCA: examples

@inproceedings{ding2004k,
	title={K-means clustering via principal component analysis},
	author={Ding, Chris and He, Xiaofeng},
	booktitle={Proceedings of the twenty-first international conference on Machine learning},
	pages={29},
	year={2004},
	organization={ACM}
}

@article{park2008electro,
	title={Electro-mechanical impedance-based wireless structural health monitoring using PCA-data compression and k-means clustering algorithms},
	author={Park, Seunghee and Lee, Jong-Jae and Yun, Chung-Bang and Inman, Daniel J},
	journal={Journal of Intelligent Material Systems and Structures},
	volume={19},
	number={4},
	pages={509--520},
	year={2008},
	publisher={Sage Publications Sage UK: London, England}
}

@article{honda2010fuzzy,
	title={Fuzzy PCA-Guided Robust $ k $-Means Clustering},
	author={Honda, Katsuhiro and Notsu, Akira and Ichihashi, Hidetomo},
	journal={IEEE Transactions on Fuzzy Systems},
	volume={18},
	number={1},
	pages={67--79},
	year={2010},
	publisher={IEEE}
}

% Keep original features examples

@article{pan2007penalized,
	title={Penalized model-based clustering with application to variable selection},
	author={Pan, Wei and Shen, Xiaotong},
	journal={Journal of Machine Learning Research},
	volume={8},
	number={May},
	pages={1145--1164},
	year={2007}
}
@article{wang2008variable,
	title={Variable selection for model-based high-dimensional clustering and its application to microarray data},
	author={Wang, Sijian and Zhu, Ji},
	journal={Biometrics},
	volume={64},
	number={2},
	pages={440--448},
	year={2008},
	publisher={Wiley Online Library}
}
@article{xie2008penalized,
	title={Penalized model-based clustering with cluster-specific diagonal covariance matrices and grouped variables},
	author={Xie, Benhuai and Pan, Wei and Shen, Xiaotong},
	journal={Electronic journal of statistics},
	volume={2},
	pages={168},
	year={2008},
	publisher={NIH Public Access}
}
@article{raftery2006variable,
	title={Variable selection for model-based clustering},
	author={Raftery, Adrian E and Dean, Nema},
	journal={Journal of the American Statistical Association},
	volume={101},
	number={473},
	pages={168--178},
	year={2006},
	publisher={Taylor \& Francis}
}
@article{maugis2009variable,
	title={Variable selection for clustering with Gaussian mixture models},
	author={Maugis, Cathy and Celeux, Gilles and Martin-Magniette, Marie-Laure},
	journal={Biometrics},
	volume={65},
	number={3},
	pages={701--709},
	year={2009},
	publisher={Wiley Online Library}
}

% Books

@book{aggarwal2014data,
	title={Data classification: algorithms and applications},
	author={Aggarwal, Charu C},
	year={2014},
	publisher={CRC Press}
}


@incollection{coates2012learning,
	title={Learning feature representations with k-means},
	author={Coates, Adam and Ng, Andrew Y},
	booktitle={Neural Networks: Tricks of the Trade},
	pages={561--580},
	year={2012},
	publisher={Springer}
}

% Misc
@article{biswas2014active,
	title={Active subclustering},
	author={Biswas, Arijit and Jacobs, David},
	journal={Computer Vision and Image Understanding},
	volume={125},
	pages={72--84},
	year={2014},
	publisher={Elsevier}
}
@article{kondo2016rskc,
	title={RSKC: an R package for a robust and sparse k-means clustering algorithm},
	author={Kondo, Yumi and Salibian-Barrera, Matias and Zamar, Ruben and others},
	journal={Journal of Statistical Software},
	volume={72},
	number={5},
	pages={1--26},
	year={2016},
	publisher={Foundation for Open Access Statistics}
}
@article{wang2008approaches,
	title={Approaches to working in high-dimensional data spaces: gene expression microarrays},
	author={Wang, Y and Miller, DJ and Clarke, R},
	journal={British journal of cancer},
	volume={98},
	number={6},
	pages={1023},
	year={2008},
	publisher={Nature Publishing Group}
}
@article{franti2018k,
	title={K-means properties on six clustering benchmark datasets},
	author={Fr{\"a}nti, Pasi and Sieranoja, Sami},
	journal={Applied Intelligence},
	volume={48},
	number={12},
	pages={4743--4759},
	year={2018},
	publisher={Springer}
}


%%%%%%%%%%%%%%%%%%%%%%%%%%%%%%

% MPCK-MEANS SPECIFIC
@article{flavska2007transitive,
	title={Transitive closures of binary relations. I.},
	author={Fla{\v{s}}ka, V{\'a}clav and Je{\v{z}}ek, Jaroslav and Kepka, Tom{\'a}{\v{s}} and Kortelainen, Juha},
	journal={Acta Universitatis Carolinae. Mathematica et Physica},
	volume={48},
	number={1},
	pages={55--69},
	year={2007},
	publisher={Charles University in Prague}
}

@article{korf1985depth,
	title={Depth-first iterative-deepening: An optimal admissible tree search},
	author={Korf, Richard E},
	journal={Artificial intelligence},
	volume={27},
	number={1},
	pages={97--109},
	year={1985},
	publisher={Elsevier}
}

@article{gonzalez1985clustering,
	title={Clustering to minimize the maximum intercluster distance},
	author={Gonzalez, Teofilo F},
	journal={Theoretical Computer Science},
	volume={38},
	pages={293--306},
	year={1985},
	publisher={Elsevier}
}








%%%%%%%%%%%%%%%%
%% Neuroscience %%
%%%%%%%%%%%%%%%%

@article{vu2018shared,
	title={A shared vision for machine learning in neuroscience},
	author={Vu, Mai-Anh T and Adal{\i}, T{\"u}lay and Ba, Demba and Buzs{\'a}ki, Gy{\"o}rgy and Carlson, David and Heller, Katherine and Liston, Conor and Rudin, Cynthia and Sohal, Vikaas S and Widge, Alik S and others},
	journal={Journal of Neuroscience},
	volume={38},
	number={7},
	pages={1601--1607},
	year={2018},
	publisher={Soc Neuroscience}
}

@article{armananzas2015towards,
	title={Towards the automatic classification of neurons},
	author={Arma{\~n}anzas, Rub{\'e}n and Ascoli, Giorgio A},
	journal={Trends in neurosciences},
	volume={38},
	number={5},
	pages={307--318},
	year={2015},
	publisher={Elsevier}
}

@article{horton2007spike,
	title={Spike sorting based upon machine learning algorithms (SOMA)},
	author={Horton, PM and Nicol, AU and Kendrick, KM and Feng, JF},
	journal={Journal of neuroscience methods},
	volume={160},
	number={1},
	pages={52--68},
	year={2007},
	publisher={Elsevier}
}

@article{jain2010machines,
	title={Machines that learn to segment images: a crucial technology for connectomics},
	author={Jain, Viren and Seung, H Sebastian and Turaga, Srinivas C},
	journal={Current opinion in neurobiology},
	volume={20},
	number={5},
	pages={653--666},
	year={2010},
	publisher={Elsevier}
}

@article{zhu2014segmentation,
	title={Segmentation of neuronal structures using SARSA ($\lambda$)-based boundary amendment with reinforced gradient-descent curve shape fitting},
	author={Zhu, Fei and Liu, Quan and Fu, Yuchen and Shen, Bairong},
	journal={PloS one},
	volume={9},
	number={3},
	pages={e90873},
	year={2014},
	publisher={Public Library of Science}
}

@article{drysdale2017resting,
	title={Resting-state connectivity biomarkers define neurophysiological subtypes of depression},
	author={Drysdale, Andrew T and Grosenick, Logan and Downar, Jonathan and Dunlop, Katharine and Mansouri, Farrokh and Meng, Yue and Fetcho, Robert N and Zebley, Benjamin and Oathes, Desmond J and Etkin, Amit and others},
	journal={Nature medicine},
	volume={23},
	number={1},
	pages={28},
	year={2017},
	publisher={Nature Publishing Group}
}

@article{hong2015automated,
	title={Automated measurement of mouse social behaviors using depth sensing, video tracking, and machine learning},
	author={Hong, Weizhe and Kennedy, Ann and Burgos-Artizzu, Xavier P and Zelikowsky, Moriel and Navonne, Santiago G and Perona, Pietro and Anderson, David J},
	journal={Proceedings of the National Academy of Sciences},
	volume={112},
	number={38},
	pages={E5351--E5360},
	year={2015},
	publisher={National Acad Sciences}
}

@article{han2018comprehensive,
	title={Comprehensive machine learning analysis of Hydra behavior reveals a stable basal behavioral repertoire},
	author={Han, Shuting and Taralova, Ekaterina and Dupre, Christophe and Yuste, Rafael},
	journal={elife},
	volume={7},
	pages={e32605},
	year={2018},
	publisher={eLife Sciences Publications Limited}
}


%Navigation tasks, mazes and rodents

@article{braun2012dorsal,
	title={Dorsal striatal dopamine depletion impairs both allocentric and egocentric navigation in rats},
	author={Braun, Amanda A and Graham, Devon L and Schaefer, Tori L and Vorhees, Charles V and Williams, Michael T},
	journal={Neurobiology of learning and memory},
	volume={97},
	number={4},
	pages={402--408},
	year={2012},
	publisher={Elsevier}
}

@article{vorhees2014assessing,
	title={Assessing spatial learning and memory in rodents},
	author={Vorhees, Charles V and Williams, Michael T},
	journal={ILAR Journal},
	volume={55},
	number={2},
	pages={310--332},
	year={2014},
	publisher={Oxford University Press}
}

@article{paul2009spatial,
	title={Spatial memory: Theoretical basis and comparative review on experimental methods in rodents},
	author={Paul, Carrillo-Mora and Magda, Giordano and Abel, Santamar{\'\i}a},
	journal={Behavioural brain research},
	volume={203},
	number={2},
	pages={151--164},
	year={2009},
	publisher={Elsevier}
}

@article{wei2005behavioural,
	title={Behavioural study of the D-galactose induced aging model in C57BL/6J mice},
	author={Wei, Haifeng and Li, Lin and Song, Qiujie and Ai, Houxi and Chu, Jin and Li, Wei},
	journal={Behavioural brain research},
	volume={157},
	number={2},
	pages={245--251},
	year={2005},
	publisher={Elsevier}
}

@article{ingram1994rodent,
	title={Rodent models of memory dysfunction in Alzheimer's disease and normal aging: moving beyond the cholinergic hypothesis},
	author={Ingram, Donald K and Spangler, Edward L and Iijima, Setsu and Ikari, Hiroyuki and Kuo, Hui and Greig, Nigel H and London, Edythe D},
	journal={Life sciences},
	volume={55},
	number={25-26},
	pages={2037--2049},
	year={1994},
	publisher={Elsevier}
}

@article{bryda2013mighty,
	title={The mighty mouse: the impact of rodents on advances in biomedical research},
	author={Bryda, Elizabeth C},
	journal={Missouri medicine},
	volume={110},
	number={3},
	pages={207},
	year={2013},
	publisher={NIH Public Access}
}

@article{d2001applications,
	title={Applications of the Morris water maze in the study of learning and memory},
	author={D'Hooge, Rudi and De Deyn, Peter P},
	journal={Brain research reviews},
	volume={36},
	number={1},
	pages={60--90},
	year={2001},
	publisher={Elsevier}
}

%Animals
@article{boal2000experimental,
	title={Experimental evidence for spatial learning in octopuses (Octopus bimaculoides).},
	author={Boal, Jean Geary and Dunham, Andrew W and Williams, Kevin T and Hanlon, Roger T},
	journal={Journal of Comparative Psychology},
	volume={114},
	number={3},
	pages={246},
	year={2000},
	publisher={American Psychological Association}
}
@article{roberts2013learning,
	title={Learning and memory in zebrafish larvae},
	author={Roberts, Adam Christopher and Bill, Brent R and Glanzman, David L},
	journal={Frontiers in neural circuits},
	volume={7},
	pages={126},
	year={2013},
	publisher={Frontiers}
}
@article{avdesh2012evaluation,
	title={Evaluation of color preference in zebrafish for learning and memory},
	author={Avdesh, Avdesh and Martin-Iverson, Mathew T and Mondal, Alinda and Chen, Mengqi and Askraba, Sreten and Morgan, Newman and Lardelli, Michael and Groth, David M and Verdile, Giuseppe and Martins, Ralph N},
	journal={Journal of Alzheimer's Disease},
	volume={28},
	number={2},
	pages={459--469},
	year={2012},
	publisher={IOS Press}
}
@article{menzel1978learning,
	title={Learning and memory in bees},
	author={Menzel, Randolf and Erber, Jochen},
	journal={Scientific American},
	volume={239},
	number={1},
	pages={102--111},
	year={1978},
	publisher={JSTOR}
}
@article{hammer1995learning,
	title={Learning and Memory in the Honeybee},
	author={Hammer, Martin and Menzel, Randolf},
	journal={The Journal of Neuroscience},
	volume={15},
	number={3},
	pages={1617--1630},
	year={1995}
}
@article{waller2001spatial,
	title={Spatial representations of virtual mazes: The role of visual fidelity and individual differences},
	author={Waller, David and Knapp, David and Hunt, Earl},
	journal={Human Factors},
	volume={43},
	number={1},
	pages={147--158},
	year={2001},
	publisher={Sage Publications Sage CA: Los Angeles, CA}
}
@article{ger1998navigation,
	title={Navigation and acquisition of spatial knowledge in a virtual maze},
	author={Gillner, Sabine and Mallot, Hanspeter A},
	journal={Journal of cognitive neuroscience},
	volume={10},
	number={4},
	pages={445--463},
	year={1998},
	publisher={MIT Press}
}
@article{gillner1998navigation,
	title={Navigation and acquisition of spatial knowledge in a virtual maze},
	author={Gillner, Sabine and Mallot, Hanspeter A},
	journal={Journal of cognitive neuroscience},
	volume={10},
	number={4},
	pages={445--463},
	year={1998},
	publisher={MIT Press}
}

%AAPA
@article{stuchlik2004application,
	title={Application of a novel Active Allothetic Place Avoidance task (AAPA) in testing a pharmacological model of psychosis in rats: comparison with the Morris Water Maze},
	author={Stuchlik, Ales and Rezacova, Lenka and Vales, Karel and Bubenikova, Vera and Kubik, Stepan},
	journal={Neuroscience letters},
	volume={366},
	number={2},
	pages={162--166},
	year={2004},
	publisher={Elsevier}
}

%l/d
@article{maximino2012comparison,
	title={A comparison of the light/dark and novel tank tests in zebrafish},
	author={Maximino, Caio and de Oliveira, Diogo Losch and Rosemberg, Denis Broock and Batista, Evander de Jesus Oliveira and Herculano, Anderson Manoel and Oliveira, Karen Renata Matos and Benzecry, Ranc{\'e}s and Blaser, Rachel},
	journal={Behaviour},
	volume={149},
	number={10-12},
	pages={1099--1123},
	year={2012},
	publisher={Brill}
}
@article{blumstein1983further,
	title={Further characterization of a simple, automated exploratory model for the anxiolytic effects of benzodiazepines},
	author={Blumstein, LK and Crawley, JN},
	journal={Pharmacology Biochemistry and Behavior},
	volume={18},
	number={1},
	pages={37--40},
	year={1983},
	publisher={Elsevier}
}
@article{aulich1976escape,
	title={Escape versus exploratory activity: An interpretation of rats' behaviour in the open field and a light-dark preference test},
	author={Aulich, D},
	journal={Behavioural Processes},
	volume={1},
	number={2},
	pages={153--164},
	year={1976},
	publisher={Elsevier}
}
@article{serchov2016light,
	title={Light/Dark Transition Test to Assess Anxiety-like Behavior in Mice},
	author={Serchov, Tsvetan and van Calker, Dietrich and Biber, Knut},
	journal={Bio-protocol},
	volume={6},
	number={19},
	pages={e1957},
	year={2016}
}
@article{ennaceur2014tests,
	title={Tests of unconditioned anxiety—pitfalls and disappointments},
	author={Ennaceur, Abdelkader},
	journal={Physiology \& behavior},
	volume={135},
	pages={55--71},
	year={2014},
	publisher={Elsevier}
}
@article{crawley1980preliminary,
	title={Preliminary report of a simple animal behavior model for the anxiolytic effects of benzodiazepines},
	author={Crawley, Jacqueline and Goodwin, Frederick K},
	journal={Pharmacology Biochemistry and Behavior},
	volume={13},
	number={2},
	pages={167--170},
	year={1980},
	publisher={Elsevier}
}
@article{crawley1982baseline,
	title={Baseline exploratory activity predicts anxiolytic responsiveness to diazepam in five mouse strains},
	author={Crawley, JN and Davis, LG},
	journal={Brain research bulletin},
	volume={8},
	number={6},
	pages={609--612},
	year={1982},
	publisher={Elsevier}
}
@article{hascoet1998new,
	title={A new approach to the light/dark test procedure in mice},
	author={Hasco{\"e}T, Martine and Bourin, Michel},
	journal={Pharmacology Biochemistry and Behavior},
	volume={60},
	number={3},
	pages={645--653},
	year={1998},
	publisher={Elsevier}
}
@article{blaser2011stimuli,
	title={Stimuli affecting zebrafish (Danio rerio) behavior in the light/dark preference test},
	author={Blaser, RE and Penalosa, YM},
	journal={Physiology \& behavior},
	volume={104},
	number={5},
	pages={831--837},
	year={2011},
	publisher={Elsevier}
}
@article{bourin2003mouse,
	title={The mouse light/dark box test},
	author={Bourin, Michel and Hasco{\"e}t, Martine},
	journal={European journal of pharmacology},
	volume={463},
	number={1-3},
	pages={55--65},
	year={2003},
	publisher={Elsevier}
}
@article{serra1999natural,
	title={Natural preference of zebrafish (Danio rerio) for a dark environment},
	author={Serra, EL and Medalha, CC and Mattioli, R},
	journal={Brazilian journal of medical and biological research},
	volume={32},
	number={12},
	pages={1551--1553},
	year={1999},
	publisher={SciELO Brasil}
}
@article{magno2015pharmacological,
	title={Pharmacological study of the light/dark preference test in zebrafish (Danio rerio): waterborne administration},
	author={Magno, L{\'\i}lian Danielle Paiva and Fontes, Aldo and Gon{\c{c}}alves, Beatriz Maria Necy and Gouveia Jr, Amauri},
	journal={Pharmacology Biochemistry and Behavior},
	volume={135},
	pages={169--176},
	year={2015},
	publisher={Elsevier}
}
@article{steenbergen2011patterns,
	title={Patterns of avoidance behaviours in the light/dark preference test in young juvenile zebrafish: a pharmacological study},
	author={Steenbergen, Peter J and Richardson, Michael K and Champagne, Danielle L},
	journal={Behavioural brain research},
	volume={222},
	number={1},
	pages={15--25},
	year={2011},
	publisher={Elsevier}
}
@article{depasquale2018influence,
	title={The influence of exercise on anxiety-like behavior in zebrafish (Danio rerio)},
	author={DePasquale, C and Leri, J},
	journal={Behavioural processes},
	volume={157},
	pages={638--644},
	year={2018},
	publisher={Elsevier}
}
@article{takao2006light,
	title={Light/dark transition test for mice},
	author={Takao, Keizo and Miyakawa, Tsuyoshi},
	journal={JoVE (Journal of Visualized Experiments)},
	number={1},
	pages={e104},
	year={2006}
}
@article{liu2019standardized,
	title={A Standardized Tank Design for the Light Dark Task in Zebrafish},
	author={Liu, Xiaoyu and Sitaraman, Divya},
	journal={Pharmacology Biochemistry and Behavior},
	year={2019}
}
@article{schnorr2012measuring,
	title={Measuring thigmotaxis in larval zebrafish},
	author={Schn{\"o}rr, SJ and Steenbergen, PJ and Richardson, MK and Champagne, DL},
	journal={Behavioural brain research},
	volume={228},
	number={2},
	pages={367--374},
	year={2012},
	publisher={Elsevier}
}
@article{champagne2010translating,
	title={Translating rodent behavioral repertoire to zebrafish (Danio rerio): relevance for stress research},
	author={Champagne, Danielle L and Hoefnagels, Carlijn CM and de Kloet, Ronald E and Richardson, Michael K},
	journal={Behavioural brain research},
	volume={214},
	number={2},
	pages={332--342},
	year={2010},
	publisher={Elsevier}
}
@incollection{araujo2012behavioral,
	title={Behavioral and pharmacological aspects of anxiety in the light/dark preference test},
	author={Araujo, Juliana and Maximino, Caio and de Brito, Thiago Marques and da Silva, Annanda Waneza Batista and Oliveira, Karen Renata Matos and Batista, Evander de Jesus Oliveira and Morato, Silvio and Herculano, Anderson Manoel and Gouveia, Amauri},
	booktitle={Zebrafish protocols for neurobehavioral research},
	pages={191--202},
	year={2012},
	publisher={Springer}
}
@article{hascoet2001mouse,
	title={The mouse ligth-dark paradigm: a review},
	author={Hasco{\"e}t, Martine and Bourin, Michel and Dhonnchadha, Br{\'\i}d {\'A} Nic},
	journal={Progress in Neuro-Psychopharmacology and Biological Psychiatry},
	volume={25},
	number={1},
	pages={141--166},
	year={2001},
	publisher={Elsevier}
}
@article{rodgers1993influence,
	title={Influence of prior maze experience on behaviour and response to diazepam in the elevated plus-maze and light/dark tests of anxiety in mice},
	author={Rodgers, RJ and Shepherd, JK},
	journal={Psychopharmacology},
	volume={113},
	number={2},
	pages={237--242},
	year={1993},
	publisher={Springer}
}


%MWM
@article{morris1986allocentric,
	title={Allocentric spatial learning by hippocampectomised rats: a further test of the “spatial mapping” and “working memory” theories of hippocampal function},
	author={Morris, RGM and Hagan, JJ and Rawlins, JNP},
	journal={The Quarterly journal of experimental psychology},
	volume={38},
	number={4},
	pages={365--395},
	year={1986},
	publisher={Taylor \& Francis}
}
@article{morris1981spatial,
	title={Spatial localization does not require the presence of local cues},
	author={Morris, Richard GM},
	journal={Learning and motivation},
	volume={12},
	number={2},
	pages={239--260},
	year={1981},
	publisher={Elsevier}
}
@article{morris2008morris,
	title={Morris water maze},
	author={Morris, Richard GM},
	journal={Scholarpedia},
	volume={3},
	number={8},
	pages={6315},
	year={2008}
}
@article{daugherty2015changes,
	title={Changes in Search Path Complexity and Length During Learning of a Virtual Water Maze: Age Differences and Differential Associations with Hippocampal Subfield Volumes},
	author={Daugherty, Ana M and Bender, Andrew R and Yuan, Peng and Raz, Naftali},
	journal={Cerebral Cortex},
	pages={bhv061},
	year={2015},
	publisher={Oxford Univ Press}
}
@article{piber2016mineralocorticoid,
	title={Mineralocorticoid receptor stimulation effects on spatial memory in healthy young adults: A study using the virtual Morris Water Maze task},
	author={Piber, Dominique and Schultebraucks, Katharina and Mueller, Sven C and Deuter, Christian Eric and Wingenfeld, Katja and Otte, Christian},
	journal={Neurobiology of Learning and Memory},
	volume={136},
	pages={139--146},
	year={2016},
	publisher={Elsevier}
}
@article{korthauer2017cognitive,
	title={Cognitive correlates of spatial navigation: Associations between executive functioning and the virtual Morris Water Task},
	author={Korthauer, LE and Nowak, NT and Frahmand, M and Driscoll, I},
	journal={Behavioural brain research},
	volume={317},
	pages={470--478},
	year={2017},
	publisher={Elsevier}
}

@article{vorhees2006morris,
	title={Morris water maze: procedures for assessing spatial and related forms of learning and memory},
	author={Vorhees, Charles V and Williams, Michael T},
	journal={Nature protocols},
	volume={1},
	number={2},
	pages={848--858},
	year={2006},
	publisher={Nature Publishing Group}
}

@article{brandeis1989use,
	title={The use of the Morris water maze in the study of memory and learning},
	author={Brandeis, Rachel and Brandys, Yaacov and Yehuda, Shlomo},
	journal={International Journal of Neuroscience},
	volume={48},
	number={1-2},
	pages={29--69},
	year={1989},
	publisher={Taylor \& Francis}
}

@Book{stewart1993behavioural,
	author = {Sahgal, Arjun},
	title = {Behavioural neuroscience : a practical approach},
	publisher = {IRL Press},
	year = {1993},
	address = {Oxford New York},
	isbn = {978-0199633678}
}

@article{lindner1991relationship,
	title={Relationship between performance in the Morris water task, visual acuity, and thermoregulatory function in aged F-344 rats},
	author={Lindner, Mark D and Gribkoff, Valentin K},
	journal={Behavioural brain research},
	volume={45},
	number={1},
	pages={45--55},
	year={1991},
	publisher={Elsevier}
}

@article{panakhova1984effect,
	title={The effect of hypothermia on the rat's spatial memory in the water tank task},
	author={Panakhova, E and Bure{\v{s}}ov{\'a}, O and Bure, J},
	journal={Behavioral and neural biology},
	volume={42},
	number={2},
	pages={191--196},
	year={1984},
	publisher={Elsevier}
}

@article{rauch1989hypothermia,
	title={Hypothermia impairs performance in the Morris water maze},
	author={Rauch, TM and Welch, DI and Gallego, L},
	journal={Physiology \& behavior},
	volume={46},
	number={2},
	pages={315--320},
	year={1989},
	publisher={Elsevier}
}

@article{tonkiss1994analysis,
	title={An analysis of spatial navigation in prenatally protein malnourished rats},
	author={Tonkiss, John and Shultz, Penny and Galler, Janina R},
	journal={Physiology \& behavior},
	volume={55},
	number={2},
	pages={217--224},
	year={1994},
	publisher={Elsevier}
}

@article{weitzner2015morris,
	title={Morris Water Maze Test: Optimization for Mouse Strain and Testing Environment},
	author={Weitzner, Daniel S and Engler-Chiurazzi, Elizabeth B and Kotilinek, Linda A and Ashe, Karen Hsiao and Reed, Miranda Nicole},
	journal={Journal of visualized experiments: JoVE},
	number={100},
	year={2015},
	publisher={MyJoVE Corporation}
}

@article{stackman2012directional,
	title={Directional responding of C57BL/6J mice in the Morris water maze is influenced by visual and vestibular cues and is dependent on the anterior thalamic nuclei},
	author={Stackman, Robert W and Lora, Joan C and Williams, Sidney B},
	journal={Journal of Neuroscience},
	volume={32},
	number={30},
	pages={10211--10225},
	year={2012},
	publisher={Soc Neuroscience}
}
@article{bromley2011morris,
	title={Morris water maze test for learning and memory deficits in Alzheimer's disease model mice},
	author={Bromley-Brits, Kelley and Deng, Yu and Song, Weihong},
	journal={JoVE (Journal of Visualized Experiments)},
	number={53},
	pages={e2920--e2920},
	year={2011}
}
@book{buccafusco2000methods,
	title={Methods of behavior analysis in neuroscience},
	author={Buccafusco, Jerry J},
	year={2000},
	publisher={CRC Press}
}
@article{burevsova1985demand,
	title={On-demand platform improves accuracy of the Morris water maze procedure},
	author={Bure{\v{s}}ov{\'a}, O and Krekule, I and Zahalka, A and Bure{\v{s}}, J},
	journal={Journal of neuroscience methods},
	volume={15},
	number={1},
	pages={63--72},
	year={1985},
	publisher={Elsevier}
}
@article{morris1984developments,
	title={Developments of a water-maze procedure for studying spatial learning in the rat},
	author={Morris, Richard},
	journal={Journal of neuroscience methods},
	volume={11},
	number={1},
	pages={47--60},
	year={1984},
	publisher={Elsevier}
}




%%%%%%%%%%%%%%%%%%%%%%%%%%%%%%%%%%%%%%

% DATA ANALYTICS IN THE MWM
@article{maei2009most,
	title={What is the most sensitive measure of water maze probe test performance?},
	author={Maei, Hamid R and Zaslavsky, Kirill and Teixeira, C{\'a}tia M and Frankland, Paul W},
	journal={Frontiers in integrative neuroscience},
	volume={3},
	pages={4},
	year={2009},
	publisher={Frontiers}
}

@article{lindner1997reliability,
	title={Reliability, distribution, and validity of age-related cognitive deficits in the Morris water maze},
	author={Lindner, Mark D},
	journal={Neurobiology of learning and memory},
	volume={68},
	number={3},
	pages={203--220},
	year={1997},
	publisher={Elsevier}
}

@article{gallagher1993severity,
	title={Severity of spatial learning impairment in aging: development of a learning index for performance in the Morris water maze.},
	author={Gallagher, Michela and Burwell, Rebecca and Burchinal, Margaret R},
	journal={Behavioral neuroscience},
	volume={107},
	number={4},
	pages={618},
	year={1993},
	publisher={American Psychological Association}
}

@article{dalm2000quantification,
	title={Quantification of swim patterns in the Morris water maze},
	author={Dalm, Sergiu and Grootendorst, Jeannette and De Kloet, E Ron and Oitzl, Melly S},
	journal={Behavior Research Methods, Instruments, \& Computers},
	volume={32},
	number={1},
	pages={134--139},
	year={2000},
	publisher={Springer}
}

@article{wolfer1992new,
	title={A new computer program for detailed off-line analysis of swimming navigation in the Morris water maze},
	author={Wolfer, David P and Lipp, Hans-Peter},
	journal={Journal of neuroscience methods},
	volume={41},
	number={1},
	pages={65--74},
	year={1992},
	publisher={Elsevier}
}

@article{wolfer2001extended,
	title={Extended analysis of path data from mutant mice using the public domain software Wintrack},
	author={Wolfer, David P and Madani, Rime and Valenti, Paolo and Lipp, Hans-Peter},
	journal={Physiology \& Behavior},
	volume={73},
	number={5},
	pages={745--753},
	year={2001},
	publisher={Elsevier}
}

@article{wolfer2000dissecting,
	title={Dissecting the behaviour of transgenic mice: is it the mutation, the genetic background, or the environment?},
	author={Wolfer, David P and Lipp, Hans-Peter},
	journal={Experimental physiology},
	volume={85},
	number={06},
	pages={627--634},
	year={2000},
	publisher={Cambridge Univ Press}
}

@article{wolfer1998spatial,
	title={Spatial memory and learning in transgenic mice: fact or artifact?},
	author={Wolfer, David P and Stagljar-Bozicevic, Marijana and Errington, Mick L and Lipp, Hans-Peter},
	journal={Physiology},
	volume={13},
	number={3},
	pages={118--123},
	year={1998},
	publisher={Am Physiological Soc}
}

@article{graziano2003automatic,
	title={Automatic recognition of explorative strategies in the Morris water maze},
	author={Graziano, Alessandro and Petrosini, Laura and Bartoletti, Alessandro},
	journal={Journal of neuroscience methods},
	volume={130},
	number={1},
	pages={33--44},
	year={2003},
	publisher={Elsevier}
}

@article{garthe2009adult,
	title={Adult-generated hippocampal neurons allow the flexible use of spatially precise learning strategies},
	author={Garthe, Alexander and Behr, Joachim and Kempermann, Gerd},
	journal={PloS one},
	volume={4},
	number={5},
	pages={e5464},
	year={2009},
	publisher={Public Library of Science}
}

@article{rogers2017search,
	title={Search strategy selection in the Morris water maze indicates allocentric map formation during learning that underpins spatial memory formation},
	author={Rogers, Jake and Churilov, Leonid and Hannan, Anthony J and Renoir, Thibault},
	journal={Neurobiology of learning and memory},
	volume={139},
	pages={37--49},
	year={2017},
	publisher={Elsevier}
}

@article{yeshurun2017elevated,
	title={Elevated paternal glucocorticoid exposure modifies memory retention in female offspring},
	author={Yeshurun, Shlomo and Rogers, Jake and Short, Annabel K and Renoir, Thibault and Pang, Terence Y and Hannan, Anthony J},
	journal={Psychoneuroendocrinology},
	year={2017},
	publisher={Elsevier}
}

@article{illouz2016unraveling,
	title={Unraveling cognitive traits using the Morris water maze unbiased strategy classification (MUST-C) algorithm},
	author={Illouz, Tomer and Madar, Ravit and Louzon, Yoram and Griffioen, Kathleen J and Okun, Eitan},
	journal={Brain, behavior, and immunity},
	volume={52},
	pages={132--144},
	year={2016},
	publisher={Elsevier}
}

@article{illouz2016unbiased,
	title={Unbiased classification of spatial strategies in the Barnes maze},
	author={Illouz, Tomer and Madar, Ravit and Clague, Charlotte and Griffioen, Kathleen J and Louzoun, Yoram and Okun, Eitan},
	journal={Bioinformatics},
	volume={32},
	number={21},
	pages={3314--3320},
	year={2016},
	publisher={Oxford University Press}
}

@article{cortes1995support,
	title={Support-vector networks},
	author={Cortes, Corinna and Vapnik, Vladimir},
	journal={Machine learning},
	volume={20},
	number={3},
	pages={273--297},
	year={1995},
	publisher={Springer}
}

@article{tucker2018applications,
	title={Applications of the Morris water maze in translational traumatic brain injury research},
	author={Tucker, Laura B and Velosky, Alexander G and McCabe, Joseph T},
	journal={Neuroscience \& Biobehavioral Reviews},
	volume={88},
	pages={187--200},
	year={2018},
	publisher={Elsevier}
}






%%%%%%%%%%%%%%%%%%%%%%%%%%%%%%%%%%%%%%%%%%%%%%%%%
% PAPER 1: RODA
%%%%%%%%%%%%%%%%%%%%%%%%%%%%%%%%%%%%%%%%%%%%%%%%%

@article{sharkey1997diversity,
	title={Diversity, selection, and ensembles of artificial neural nets},
	author={Sharkey, Amanda and Sharkey, Noel},
	journal={Neural Networks and their Applications (NEURAP'97)},
	pages={205--212},
	year={1997}
}

@article{zhou2002ensembling,
	title={Ensembling neural networks: many could be better than all},
	author={Zhou, Zhi-Hua and Wu, Jianxin and Tang, Wei},
	journal={Artificial intelligence},
	volume={137},
	number={1-2},
	pages={239--263},
	year={2002},
	publisher={Elsevier}
}

@incollection{kearns1993cryptographic,
	title={Cryptographic limitations on learning Boolean formulae and finite automata},
	author={Kearns, Michael J and Valiant, Leslie G},
	booktitle={Machine Learning: From Theory to Applications},
	pages={29--49},
	year={1993},
	publisher={Springer}
}

@article{gerecke2003common,
	title={Common evidence vectors for self-organized ensemble localization},
	author={Gerecke, Uwe and Sharkey, Noel E and Sharkey, Amanda JC},
	journal={Neurocomputing},
	volume={55},
	number={3},
	pages={499--519},
	year={2003},
	publisher={Elsevier}
}

@inproceedings{jurek2011classification,
	title={Classification by cluster analysis: A new meta-learning based approach},
	author={Jurek, Anna and Bi, Yaxin and Wu, Shengli and Nugent, Chris},
	booktitle={International Workshop on Multiple Classifier Systems},
	pages={259--268},
	year={2011},
	organization={Springer}
}

@article{oza2008classifier,
	title={Classifier ensembles: Select real-world applications},
	author={Oza, Nikunj C and Tumer, Kagan},
	journal={Information Fusion},
	volume={9},
	number={1},
	pages={4--20},
	year={2008},
	publisher={Elsevier}
}

@inproceedings{acharya2011c,
	title={C 3E: A Framework for Combining Ensembles of Classifiers and Clusterers},
	author={Acharya, Ayan and Hruschka, Eduardo R and Ghosh, Joydeep and Acharyya, Sreangsu},
	booktitle={International Workshop on Multiple Classifier Systems},
	pages={269--278},
	year={2011},
	organization={Springer}
}

@article{schapire1990strength,
	title={The strength of weak learnability},
	author={Schapire, Robert E},
	journal={Machine learning},
	volume={5},
	number={2},
	pages={197--227},
	year={1990},
	publisher={Springer}
}

@article{zhu2015use,
	title={Use of majority votes in statistical learning},
	author={Zhu, Mu},
	journal={Wiley Interdisciplinary Reviews: Computational Statistics},
	volume={7},
	number={6},
	pages={357--371},
	year={2015},
	publisher={Wiley Online Library}
}

@article{ruta2002theoretical,
	title={A theoretical analysis of the limits of majority voting errors for multiple classifier systems},
	author={Ruta, Dymitr and Gabrys, Bogdan},
	journal={Pattern Analysis and Applications},
	volume={5},
	number={4},
	pages={333--350},
	year={2002},
	publisher={Springer}
}

@article{varma2006bias,
	title={Bias in error estimation when using cross-validation for model selection},
	author={Varma, Sudhir and Simon, Richard},
	journal={BMC bioinformatics},
	volume={7},
	number={1},
	pages={91},
	year={2006},
	publisher={BioMed Central}
}

@article{liaw2002classification,
	title={Classification and regression by randomForest},
	author={Liaw, Andy and Wiener, Matthew},
	journal={R news},
	volume={2},
	number={3},
	pages={18--22},
	year={2002}
}

@article{bouziane2011profiles,
	title={Profiles and majority voting-based ensemble method for protein secondary structure prediction},
	author={Bouziane, Hafida and Messabih, Belhadri and Chouarfia, Abdallah},
	journal={Evolutionary bioinformatics online},
	volume={7},
	pages={171},
	year={2011},
	publisher={Libertas Academica}
}

@article{hollander1999nonparametric,
	title={Nonparametric statistical methods},
	author={Hollander, Myles and Wolfe, Douglas A},
	journal={{Wiley Series in Probability and Statistics}},
	year={1999},
	publisher={Wiley-Interscience}
}

@article{wallis2013binomial,
	title={Binomial confidence intervals and contingency tests: mathematical fundamentals and the evaluation of alternative methods},
	author={Wallis, Sean},
	journal={Journal of Quantitative Linguistics},
	volume={20},
	number={3},
	pages={178--208},
	year={2013},
	publisher={Taylor \& Francis}
}

@article{brown2001interval,
	title={Interval estimation for a binomial proportion},
	author={Brown, Lawrence D and Cai, T Tony and DasGupta, Anirban},
	journal={Statistical science},
	pages={101--117},
	year={2001},
	publisher={JSTOR}
}

@Book{peck2012statistics,
	author = {Peck, Roxy},
	title = {Statistics : the exploration and analysis of data},
	publisher = {Brooks/Cole, Cengage Learning},
	year = {2012},
	address = {Australia United States},
	isbn = {0840058012}
}

@article{marquez2013peripuberty,
	title={Peripuberty stress leads to abnormal aggression, altered amygdala and orbitofrontal reactivity and increased prefrontal MAOA gene expression},
	author={M{\'a}rquez, Cristina and Poirier, Guillaume L and Cordero, M Isabel and Larsen, Marianne H and Groner, Anna and Marquis, Julien and Magistretti, Pierre J and Trono, Didier and Sandi, Carmen},
	journal={Translational psychiatry},
	volume={3},
	number={1},
	pages={e216},
	year={2013},
	publisher={Nature Publishing Group}
}

@article{siegel1956nonparametric,
	title={Nonparametric statistics for the behavioral sciences},
	author={Siegel, Sidney},
	journal={Nonparametric Statistics for the Behavioral Sciences},
	year={1956},
	publisher={McGraw-hill}
}

@article{theodorsson1987friedman,
	title={Friedman and Quade tests: BASIC computer program to perform nonparametric two-way analysis of variance and multiple comparisons on ranks of several related samples},
	author={Theodorsson-Norheim, Elvar},
	journal={Computers in biology and medicine},
	volume={17},
	number={2},
	pages={85--99},
	year={1987},
	publisher={Elsevier}
}

@article{gerlai2017zebrafish,
	title={Zebrafish and relational memory: Could a simple fish be useful for the analysis of biological mechanisms of complex vertebrate learning?},
	author={Gerlai, Robert},
	journal={Behavioural Processes},
	year={2017},
	publisher={Elsevier}
}

@article{aston2000locus,
	title={Locus coeruleus and regulation of behavioral flexibility and attention},
	author={Aston-Jones, Gary and Rajkowski, Janusz and Cohen, Jonathan},
	journal={Progress in brain research},
	volume={126},
	pages={165--182},
	year={2000},
	publisher={Elsevier}
}

@article{luksys2009stress,
	title={Stress, genotype and norepinephrine in the prediction of mouse behavior using reinforcement learning},
	author={Luksys, Gediminas and Gerstner, Wulfram and Sandi, Carmen},
	journal={Nature neuroscience},
	volume={12},
	number={9},
	pages={1180--1186},
	year={2009},
	publisher={Nature Publishing Group}
}

@article{luksys2011neural,
	title={Neural mechanisms and computations underlying stress effects on learning and memory},
	author={Luksys, Gediminas and Sandi, Carmen},
	journal={Current opinion in neurobiology},
	volume={21},
	number={3},
	pages={502--508},
	year={2011},
	publisher={Elsevier}
}

@article{whishaw1986visits,
	title={Visits to starts, routes, and places by rats (Rattus norvegicus) in swimming pool navigation tasks.},
	author={Whishaw, Ian Q and Mittleman, Guy},
	journal={Journal of Comparative Psychology},
	volume={100},
	number={4},
	pages={422},
	year={1986},
	publisher={American Psychological Association}
}

@article{hamilton2004sequential,
	title={Sequential control of navigation by locale and taxon cues in the Morris water task},
	author={Hamilton, Derek A and Rosenfelt, Cory S and Whishaw, Ian Q},
	journal={Behavioural brain research},
	volume={154},
	number={2},
	pages={385--397},
	year={2004},
	publisher={Elsevier}
}

@book{gagniuc2017markov,
	title={Markov chains: from theory to implementation and experimentation},
	author={Gagniuc, Paul A},
	year={2017},
	publisher={John Wiley \& Sons}
}

@article{gartner1997smallest,
	title={Smallest enclosing ellipses: fast and exact},
	author={G{\"a}rtner, Bernd and Sch{\"o}nherr, Sven},
	year={1997}
}

%%% OTHER STUDY

@article{chatfield2009skillings,
	title={The Skillings--Mack test (Friedman test when there are missing data)},
	author={Chatfield, Mark and Mander, Adrian},
	journal={The Stata Journal},
	volume={9},
	number={2},
	pages={299},
	year={2009},
	publisher={Europe PMC Funders}
}

@article{lai2012nonparametric,
	title={Nonparametric analysis of the Shenzhen Stock Market: The day of the week effect},
	author={Lai, Dejian and Bai, Anfen and Chang, Kuang-Chao and Wei, Heqing and Luo, Liangqing},
	journal={Mathematical and Computer Modelling},
	volume={55},
	number={3},
	pages={1186--1192},
	year={2012},
	publisher={Elsevier}
}

@techreport{huzard2018impact,
	title={Impact of individual differences in glucocorticoid adaptation to stress on behavior, neurophysiology and metabolism},
	author={Huzard, Damien S{\'e}bastien},
	year={2018},
	institution={EPFL}
}


%%%%%%%%%%%%%%%%%%%%%%%%%%%%%%%%%%%%%%%%%%%%%%%%%
% PAPER 2: ZEBRAFISH
%%%%%%%%%%%%%%%%%%%%%%%%%%%%%%%%%%%%%%%%%%%%%%%%%

@article{egan2009understanding,
	title={Understanding behavioral and physiological phenotypes of stress and anxiety in zebrafish},
	author={Egan, Rupert J and Bergner, Carisa L and Hart, Peter C and Cachat, Jonathan M and Canavello, Peter R and Elegante, Marco F and Elkhayat, Salem I and Bartels, Brett K and Tien, Anna K and Tien, David H and others},
	journal={Behavioural brain research},
	volume={205},
	number={1},
	pages={38--44},
	year={2009},
	publisher={Elsevier}
}
@article{richendrfer2012edge,
	title={On the edge: pharmacological evidence for anxiety-related behavior in zebrafish larvae},
	author={Richendrfer, H and Pelkowski, SD and Colwill, RM and Creton, R},
	journal={Behavioural brain research},
	volume={228},
	number={1},
	pages={99--106},
	year={2012},
	publisher={Elsevier}
}
@article{blaser2010behavioral,
	title={Behavioral measures of anxiety in zebrafish (Danio rerio)},
	author={Blaser, RE and Chadwick, L and McGinnis, GC},
	journal={Behavioural brain research},
	volume={208},
	number={1},
	pages={56--62},
	year={2010},
	publisher={Elsevier}
}
@article{vsidak1967rectangular,
	title={Rectangular confidence regions for the means of multivariate normal distributions},
	author={{\v{S}}id{\'a}k, Zbyn{\v{e}}k},
	journal={Journal of the American Statistical Association},
	volume={62},
	number={318},
	pages={626--633},
	year={1967},
	publisher={Taylor \& Francis}
}


% Software

@article{noldus2001ethovision,
	title={EthoVision: a versatile video tracking system for automation of behavioral experiments},
	author={Noldus, Lucas PJJ and Spink, Andrew J and Tegelenbosch, Ruud AJ},
	journal={Behavior Research Methods, Instruments, \& Computers},
	volume={33},
	number={3},
	pages={398--414},
	year={2001},
	publisher={Springer}
}

@book{MATLAB:2016,
	year = {2016},
	author = {MATLAB},
	title = {version 9.0 (R2016a)},
	publisher = {The MathWorks Inc.},
	address = {Natick, Massachusetts}
}

@misc{MatlaTool,
	author = {MATLAB},
	title = {MATLAB Statistics Toolbox},
	year = {2016},
	address = {Natick, Massachusetts}
}

@book{MATLAB2019,
	year = {2019},
	author = {MATLAB},
	title = {version 9.6.0 (R2019a)},
	publisher = {The MathWorks Inc.},
	address = {Natick, Massachusetts}
}

@book{Python,
	year = {1995},
	author = {van Rossum, Guido},
	title = {Python tutorial, Technical Report CS-R9526},
	publisher = {Centrum voor Wiskunde en Informatica (CWI)},
	address = {Amsterdam}
}

@Manual{Rlanguage,
    title = {R: A Language and Environment for Statistical Computing},
    author = {{R Core Team}},
    organization = {R Foundation for Statistical Computing},
    address = {Vienna, Austria},
    year = {2017},
     url = {https://www.R-project.org/},
}

@Manual{Rcode,
	title = {dbscan: Density Based Clustering of Applications with Noise (DBSCAN) and Related Algorithms},
	author = {Hahsler, M and Piekenbrock, M and Arya, S and Mount, D},
	year = {2019},
	url={https://github.com/mhahsler/dbscan}
}

@book{frank2016weka,
	author = {Eibe Frank and Mark A. Hall and Ian H. Witten},
	title = {The WEKA Workbench},
	publisher = {Online Appendix for "Data Mining: Practical Machine Learning Tools and Techniques", Morgan Kaufmann, Fourth Edition},
	year = {2016}
}

@misc{NAGlib,
	title={The NAG Toolbox for MATLAB \textsuperscript{\textregistered}},
	author={{Numerical Algorithms Group (NAG)}},	
	year={2019},
	address={Oxford, United Kingdom},
	url={www.nag.com}
}

@misc{GraphPad,
	title={GraphPad Prism 7.01},
	author={La Jolla},	
	year={2016},
	address={California, USA},
	url={www.graphpad.com}
}

@article{overall2020rtrack,
	title={Rtrack: a software package for reproducible automated water maze analysis},
	author={Overall, Rupert W and Zocher, Sara and Garthe, Alexander and Kempermann, Gerd},
	journal={bioRxiv},
	year={2020},
	publisher={Cold Spring Harbor Laboratory}
}

@article{cooke2019pathfinder,
	title={Pathfinder: open source software for analyzing spatial navigation search strategies},
	author={Cooke, Matthew B and O'Leary, Timothy P and Harris, Phelan and Brown, Richard E and Snyder, Jason S},
	journal={F1000Research},
	volume={8},
	number={1521},
	pages={1521},
	year={2019},
	publisher={F1000 Research Limited}
}




%% Zoology and ecology
@article{bovet1991optimal,
	title={Optimal sinuosity in central place foraging movements},
	author={Bovet, Pierre and Benhamou, Simon},
	journal={Animal Behaviour},
	volume={42},
	number={1},
	pages={57--62},
	year={1991},
	publisher={Elsevier}
}

@article{benhamou2004reliably,
	title={How to reliably estimate the tortuosity of an animal's path:: straightness, sinuosity, or fractal dimension?},
	author={Benhamou, Simon},
	journal={Journal of theoretical biology},
	volume={229},
	number={2},
	pages={209--220},
	year={2004},
	publisher={Elsevier}
}

@article{turchin1996fractal,
	title={Fractal analyses of animal movement: a critique},
	author={Turchin, Peter},
	journal={Ecology},
	volume={77},
	number={7},
	pages={2086--2090},
	year={1996},
	publisher={Wiley Online Library}
}


@article{edelhoff2016path,
	title={Path segmentation for beginners: an overview of current methods for detecting changes in animal movement patterns},
	author={Edelhoff, Hendrik and Signer, Johannes and Balkenhol, Niko},
	journal={Movement ecology},
	volume={4},
	number={1},
	pages={21},
	year={2016},
	publisher={BioMed Central}
}
@article{thiebault2013splitting,
	title={Splitting animal trajectories into fine-scale behaviorally consistent movement units: breaking points relate to external stimuli in a foraging seabird},
	author={Thiebault, Andr{\'e}a and Tremblay, Yann},
	journal={Behavioral Ecology and Sociobiology},
	volume={67},
	number={6},
	pages={1013--1026},
	year={2013},
	publisher={Springer}
}
@article{barraquand2008animal,
	title={Animal movements in heterogeneous landscapes: identifying profitable places and homogeneous movement bouts},
	author={Barraquand, Fr{\'e}d{\'e}ric and Benhamou, Simon},
	journal={Ecology},
	volume={89},
	number={12},
	pages={3336--3348},
	year={2008},
	publisher={Wiley Online Library}
}
@article{benhamou2014scales,
	title={Of scales and stationarity in animal movements},
	author={Benhamou, Simon},
	journal={Ecology letters},
	volume={17},
	number={3},
	pages={261--272},
	year={2014},
	publisher={Wiley Online Library}
}



%OTHER MAZES
@article{graeff1998elevated,
	title={The elevated T-maze as an experimental model of anxiety},
	author={Graeff, Frederico G and Netto, Cristina Ferreira and Zangrossi Jr, H{\'e}lio},
	journal={Neuroscience \& Biobehavioral Reviews},
	volume={23},
	number={2},
	pages={237--246},
	year={1998},
	publisher={Elsevier}
}
@article{pol2011double,
	title={The double-H maze test, a novel, simple, water-escape memory task: acquisition, recall of recent and remote memory, and effects of systemic muscarinic or NMDA receptor blockade during training},
	author={Pol-Bodetto, Sarah and Jeltsch-David, H{\'e}l{\`e}ne and Lecourtier, Lucas and Rusnac, Nathalia and Mam-Lam-Fook, C{\'e}lia and Cosquer, Brigitte and Geiger, Karin and Cassel, Jean-Christophe},
	journal={Behavioural brain research},
	volume={218},
	number={1},
	pages={138--151},
	year={2011},
	publisher={Elsevier}
}
@article{juraska1984differential,
	title={Differential rearing experience, gender, and radial maze performance},
	author={Juraska, Janice M and Henderson, Constance and M{\"u}ller, Jutta},
	journal={Developmental Psychobiology: The Journal of the International Society for Developmental Psychobiology},
	volume={17},
	number={3},
	pages={209--215},
	year={1984},
	publisher={Wiley Online Library}
}
@article{olton1979mazes,
	title={Mazes, maps, and memory.},
	author={Olton, David S},
	journal={American psychologist},
	volume={34},
	number={7},
	pages={583},
	year={1979},
	publisher={American Psychological Association}
}


%% NEURAL NETWORKS
@article{prieto2016neural,
	title={Neural networks: An overview of early research, current frameworks and new challenges},
	author={Prieto, Alberto and Prieto, Beatriz and Ortigosa, Eva Martinez and Ros, Eduardo and Pelayo, Francisco and Ortega, Julio and Rojas, Ignacio},
	journal={Neurocomputing},
	volume={214},
	pages={242--268},
	year={2016},
	publisher={Elsevier}
}
@article{gu2018recent,
	title={Recent advances in convolutional neural networks},
	author={Gu, Jiuxiang and Wang, Zhenhua and Kuen, Jason and Ma, Lianyang and Shahroudy, Amir and Shuai, Bing and Liu, Ting and Wang, Xingxing and Wang, Gang and Cai, Jianfei and others},
	journal={Pattern Recognition},
	volume={77},
	pages={354--377},
	year={2018},
	publisher={Elsevier}
}
@article{litjens2017survey,
	title={A survey on deep learning in medical image analysis},
	author={Litjens, Geert and Kooi, Thijs and Bejnordi, Babak Ehteshami and Setio, Arnaud Arindra Adiyoso and Ciompi, Francesco and Ghafoorian, Mohsen and Van Der Laak, Jeroen Awm and Van Ginneken, Bram and S{\'a}nchez, Clara I},
	journal={Medical image analysis},
	volume={42},
	pages={60--88},
	year={2017},
	publisher={Elsevier}
}
@article{min2017deep,
	title={Deep learning in bioinformatics},
	author={Min, Seonwoo and Lee, Byunghan and Yoon, Sungroh},
	journal={Briefings in bioinformatics},
	volume={18},
	number={5},
	pages={851--869},
	year={2017},
	publisher={Oxford University Press}
}
@article{higaki2018recognition,
	title={Recognition of early stage thigmotaxis in Morris water maze test with convolutional neural network},
	author={Higaki, Akinori and Mogi, Masaki and Iwanami, Jun and Min, Li-Juan and Bai, Hui-Yu and Shan, Bao-Shuai and Kan-no, Harumi and Ikeda, Shuntaro and Higaki, Jitsuo and Horiuchi, Masatsugu},
	journal={PloS one},
	volume={13},
	number={5},
	year={2018},
	publisher={Public Library of Science}
}
@article{higaki2018predicting,
	title={Predicting outcome of Morris water maze test in vascular dementia mouse model with deep learning},
	author={Higaki, Akinori and Mogi, Masaki and Iwanami, Jun and Min, Li-Juan and Bai, Hui-Yu and Shan, Bao-Shuai and Kukida, Masayoshi and Kan-no, Harumi and Ikeda, Shuntaro and Higaki, Jitsuo and others},
	journal={PloS one},
	volume={13},
	number={2},
	year={2018},
	publisher={Public Library of Science}
}

@inproceedings{baldi2012autoencoders,
	title={Autoencoders, unsupervised learning, and deep architectures},
	author={Baldi, Pierre},
	booktitle={Proceedings of ICML workshop on unsupervised and transfer learning},
	pages={37--49},
	year={2012}
}
@article{luo2017convolutional,
	title={Convolutional sparse autoencoders for image classification},
	author={Luo, Wei and Li, Jun and Yang, Jian and Xu, Wei and Zhang, Jian},
	journal={IEEE transactions on neural networks and learning systems},
	volume={29},
	number={7},
	pages={3289--3294},
	year={2017},
	publisher={IEEE}
}


%% OTHER METHODS
@book{shawe2004kernel,
	title={Kernel methods for pattern analysis},
	author={Shawe-Taylor, John and Cristianini, Nello and others},
	year={2004},
	publisher={Cambridge university press}
}
@inproceedings{ng2002spectral,
	title={On spectral clustering: Analysis and an algorithm},
	author={Ng, Andrew Y and Jordan, Michael I and Weiss, Yair},
	booktitle={Advances in neural information processing systems},
	pages={849--856},
	year={2002}
}


%% MATHS
@article{boyd2003subgradient,
	title={Subgradient methods},
	author={Boyd, Stephen and Xiao, Lin and Mutapcic, Almir},
	journal={lecture notes of EE392o, Stanford University, Autumn Quarter},
	volume={2004},
	pages={2004--2005},
	year={2003}
}
@book{boyd2004convex,
	title={Convex optimization},
	author={Boyd, Stephen and Vandenberghe, Lieven},
	year={2004},
	publisher={Cambridge university press}
}


%% GEOMETRY
@article{gartner1998exact,
	title={Exact primitives for smallest enclosing ellipses},
	author={G{\"a}rtner, Bernd and Sch{\"o}nherr, Sven},
	journal={Information Processing Letters},
	volume={68},
	number={1},
	pages={33--38},
	year={1998},
	publisher={Elsevier}
}

@article{todd2007khachiyan,
	title={On Khachiyan's algorithm for the computation of minimum-volume enclosing ellipsoids},
	author={Todd, Michael J and Y{\i}ld{\i}r{\i}m, E Alper},
	journal={Discrete Applied Mathematics},
	volume={155},
	number={13},
	pages={1731--1744},
	year={2007},
	publisher={Elsevier}
}

@misc{Weisstein,
	author = {Weisstein, Eric W.},
	title = {Circumcircle},
	publisher = {MathWorld--A Wolfram Web Resource},
	howpublished = {\url{http://mathworld.wolfram.com/Circumcircle.html}}
}

@article{almeida2010indices,
	title={Indices of movement behaviour: conceptual background, effects of scale and location errors},
	author={Almeida, Paulo JAL and Vieira, Marcus V and Kajin, Maja and Forero-Medina, German and Cerqueira, Rui},
	journal={Zoologia},
	volume={27},
	number={5},
	year={2010},
	publisher={SciELO Brasil}
}

@article{benhamou2004reliably,
	title={How to reliably estimate the tortuosity of an animal's path:: straightness, sinuosity, or fractal dimension?},
	author={Benhamou, Simon},
	journal={Journal of theoretical biology},
	volume={229},
	number={2},
	pages={209--220},
	year={2004},
	publisher={Elsevier}
}

@misc{franco2016,
	author = {Franco, Adam},
	title = {Curvature},
	year = {2016},
	publisher = {GitHub},
	journal = {GitHub repository},
	howpublished = {\url{https://github.com/adamfranco/curvature/wiki}}
}




%% STRESS
@article{schwabe2010learning,
	title={Learning under stress impairs memory formation},
	author={Schwabe, Lars and Wolf, Oliver T},
	journal={Neurobiology of learning and memory},
	volume={93},
	number={2},
	pages={183--188},
	year={2010},
	publisher={Elsevier}
}

@article{schwabe2010stress,
	title={Stress impairs spatial but not early stimulus--response learning},
	author={Schwabe, Lars and Sch{\"a}chinger, Hartmut and de Kloet, E Ron and Oitzl, Melly S},
	journal={Behavioural brain research},
	volume={213},
	number={1},
	pages={50--55},
	year={2010},
	publisher={Elsevier}
}

@article{van2016acute,
	title={Acute stress switches spatial navigation strategy from egocentric to allocentric in a virtual Morris water maze},
	author={Van Gerven, Dustin JH and Ferguson, Thomas and Skelton, Ronald W},
	journal={Neurobiology of Learning and Memory},
	volume={132},
	pages={29--39},
	year={2016},
	publisher={Elsevier}
}

@article{yerkes1908relation,
	title={The relation of strength of stimulus to rapidity of habit-formation},
	author={Yerkes, Robert M and Dodson, John D and others},
	journal={Punishment: Issues and experiments},
	pages={27--41},
	year={1908}
}

@article{salehi2010learning,
	title={Learning under stress: the inverted-U-shape function revisited},
	author={Salehi, Basira and Cordero, M Isabel and Sandi, Carmen},
	journal={Learning \& memory},
	volume={17},
	number={10},
	pages={522--530},
	year={2010},
	publisher={Cold Spring Harbor Lab}
}




@article{johnson1967hierarchical,
	title={Hierarchical clustering schemes},
	author={Johnson, Stephen C},
	journal={Psychometrika},
	volume={32},
	number={3},
	pages={241--254},
	year={1967},
	publisher={Springer}
}
@article{govender2020application,
	title={Application of k-means and hierarchical clustering techniques for analysis of air pollution: A review (1980--2019)},
	author={Govender, P and Sivakumar, V},
	journal={Atmospheric Pollution Research},
	volume={11},
	number={1},
	pages={40--56},
	year={2020},
	publisher={Elsevier}
}
@article{seo2002interactively,
	title={Interactively exploring hierarchical clustering results [gene identification]},
	author={Seo, Jinwook and Shneiderman, Ben},
	journal={Computer},
	volume={35},
	number={7},
	pages={80--86},
	year={2002},
	publisher={IEEE}
}


@article{scott1999evaluating,
	title={Evaluating data mining procedures: techniques for generating artificial data sets},
	author={Scott, Paul D and Wilkins, Elwood},
	journal={Information and software technology},
	volume={41},
	number={9},
	pages={579--587},
	year={1999},
	publisher={Elsevier}
}





@inproceedings{papadimitriou2003loci,
	title={Loci: Fast outlier detection using the local correlation integral},
	author={Papadimitriou, Spiros and Kitagawa, Hiroyuki and Gibbons, Phillip B and Faloutsos, Christos},
	booktitle={Proceedings 19th international conference on data engineering (Cat. No. 03CH37405)},
	pages={315--326},
	year={2003},
	organization={IEEE}
}
@inproceedings{xie2013local,
	title={Local correlation detection with linearity enhancement in streaming data},
	author={Xie, Qing and Shang, Shuo and Yuan, Bo and Pang, Chaoyi and Zhang, Xiangliang},
	booktitle={Proceedings of the 22nd ACM international conference on Information \& Knowledge Management},
	pages={309--318},
	year={2013}
}
@inproceedings{papadimitriou2006local,
	title={Local correlation tracking in time series},
	author={Papadimitriou, Spiros and Sun, Jimeng and Philip, S Yu},
	booktitle={Sixth International Conference on Data Mining (ICDM'06)},
	pages={456--465},
	year={2006},
	organization={IEEE}
}
@article{szigeti2015searching,
	title={Searching for motifs in the behaviour of larval Drosophila melanogaster and Caenorhabditis elegans reveals continuity between behavioural states},
	author={Szigeti, Bal{\'a}zs and Deogade, Ajinkya and Webb, Barbara},
	journal={Journal of the Royal Society Interface},
	volume={12},
	number={113},
	pages={20150899},
	year={2015},
	publisher={The Royal Society}
}
@article{del2019integrated,
	title={Integrated probabilistic annotation: a Bayesian-based annotation method for metabolomic profiles integrating biochemical connections, isotope patterns, and adduct relationships},
	author={Del Carratore, Francesco and Schmidt, Kamila and Vinaixa, Maria and Hollywood, Katherine A and Greenland-Bews, Caitlin and Takano, Eriko and Rogers, Simon and Breitling, Rainer},
	journal={Analytical chemistry},
	volume={91},
	number={20},
	pages={12799--12807},
	year={2019},
	publisher={ACS Publications}
}
@article{brown2013dictionary,
	title={A dictionary of behavioral motifs reveals clusters of genes affecting Caenorhabditis elegans locomotion},
	author={Brown, Andr{\'e} EX and Yemini, Eviatar I and Grundy, Laura J and Jucikas, Tadas and Schafer, William R},
	journal={Proceedings of the National Academy of Sciences},
	volume={110},
	number={2},
	pages={791--796},
	year={2013},
	publisher={National Acad Sciences}
}